---
permalink: /bspl-all-star/Gen4PBROnline-2019-08-25-noved-greilmercenary9-G1/
---
<meta charset="utf-8" />
<title>[Gen 4] PBR Online replay: NOVED vs. greilmercenary9</title>
<style>
html,body {font-family:Verdana, sans-serif;font-size:10pt;margin:0;padding:0;}body{padding:12px 0;} .battle-log {font-family:Verdana, sans-serif;font-size:10pt;} .battle-log-inline {border:1px solid #AAAAAA;background:#EEF2F5;color:black;max-width:640px;margin:0 auto 80px;padding-bottom:5px;} .battle-log .inner {padding:4px 8px 0px 8px;} .battle-log .inner-preempt {padding:0 8px 4px 8px;} .battle-log .inner-after {margin-top:0.5em;} .battle-log h2 {margin:0.5em -8px;padding:4px 8px;border:1px solid #AAAAAA;background:#E0E7EA;border-left:0;border-right:0;font-family:Verdana, sans-serif;font-size:13pt;} .battle-log .chat {vertical-align:middle;padding:3px 0 3px 0;font-size:8pt;} .battle-log .chat strong {color:#40576A;} .battle-log .chat em {padding:1px 4px 1px 3px;color:#000000;font-style:normal;} .chat.mine {background:rgba(0,0,0,0.05);margin-left:-8px;margin-right:-8px;padding-left:8px;padding-right:8px;} .spoiler {color:#BBBBBB;background:#BBBBBB;padding:0px 3px;} .spoiler:hover, .spoiler:active, .spoiler-shown {color:#000000;background:#E2E2E2;padding:0px 3px;} .spoiler a {color:#BBBBBB;} .spoiler:hover a, .spoiler:active a, .spoiler-shown a {color:#2288CC;} .chat code, .chat .spoiler:hover code, .chat .spoiler:active code, .chat .spoiler-shown code {border:1px solid #C0C0C0;background:#EEEEEE;color:black;padding:0 2px;} .chat .spoiler code {border:1px solid #CCCCCC;background:#CCCCCC;color:#CCCCCC;} .battle-log .rated {padding:3px 4px;} .battle-log .rated strong {color:white;background:#89A;padding:1px 4px;border-radius:4px;} .spacer {margin-top:0.5em;} .message-announce {background:#6688AA;color:white;padding:1px 4px 2px;} .message-announce a, .broadcast-green a, .broadcast-blue a, .broadcast-red a {color:#DDEEFF;} .broadcast-green {background-color:#559955;color:white;padding:2px 4px;} .broadcast-blue {background-color:#6688AA;color:white;padding:2px 4px;} .infobox {border:1px solid #6688AA;padding:2px 4px;} .infobox-limited {max-height:200px;overflow:auto;overflow-x:hidden;} .broadcast-red {background-color:#AA5544;color:white;padding:2px 4px;} .message-learn-canlearn {font-weight:bold;color:#228822;text-decoration:underline;} .message-learn-cannotlearn {font-weight:bold;color:#CC2222;text-decoration:underline;} .message-effect-weak {font-weight:bold;color:#CC2222;} .message-effect-resist {font-weight:bold;color:#6688AA;} .message-effect-immune {font-weight:bold;color:#666666;} .message-learn-list {margin-top:0;margin-bottom:0;} .message-throttle-notice, .message-error {color:#992222;} .message-overflow, .chat small.message-overflow {font-size:0pt;} .message-overflow::before {font-size:9pt;content:'...';} .subtle {color:#3A4A66;}
</style>
<div class="wrapper replay-wrapper" style="max-width:1180px;margin:0 auto">
<input type="hidden" name="replayid" value="unregisteredserver-gen4pbronline-192" />
<div class="battle"></div><div class="battle-log"></div><div class="replay-controls"></div><div class="replay-controls-2"></div>
<h1 style="font-weight:normal;text-align:center"><strong>[Gen 4] PBR Online</strong><br /><a href="http://pokemonshowdown.com/users/noved" class="subtle" target="_blank">NOVED</a> vs. <a href="http://pokemonshowdown.com/users/greilmercenary9" class="subtle" target="_blank">greilmercenary9</a></h1>
<script type="text/plain" class="battle-log-data">|j|☆NOVED
|j|☆greilmercenary9
|player|p1|NOVED|23|
|player|p2|greilmercenary9|163|
|teamsize|p1|6
|teamsize|p2|6
|gametype|singles
|gen|4
|tier|[Gen 4] PBR Online
|clearpoke
|poke|p1|Gengar, L50, M|item
|poke|p1|Garchomp, L50, F|item
|poke|p1|Suicune, L50|item
|poke|p1|Heatran, L50, F|item
|poke|p1|Latios, L50, M|item
|poke|p1|Azelf, L50|item
|poke|p2|Scizor, L50, F|item
|poke|p2|Latios, L50, M|item
|poke|p2|Heatran, L50, M|item
|poke|p2|Machamp, L50, M|item
|poke|p2|Suicune, L50|item
|poke|p2|Snorlax, L50, M|item
|rule|Species Clause: Limit one of each Pokémon
|rule|Item Clause: Limit one of each item
|teampreview|3


|j| Psynergy


|j| swagger spammer


|c|☆greilmercenary9|I nearly forgot to nickname my team


|j|+chemcoop


|c|☆greilmercenary9|that would've been a disaster


|c|☆NOVED|i didnt nick mine lol 


|j|+Puffkilla∞√


|c|☆greilmercenary9|crap I forgot to double check genders though lol haha


|c| swagger spammer|tfw misgendered


|c|☆NOVED|if the server crashes we know somebodys ghosting 


|c|☆greilmercenary9|yeah lol


|c| Psynergy|it's me


|c| swagger spammer|LMAO


|c|+Puffkilla∞√|👻👻


|
|start
|switch|p1a: Azelf|Azelf, L50, shiny|150\/150
|switch|p2a: Bartre|Machamp, L50, M|48\/48
|turn|1


|
|switch|p2a: Sain|Snorlax, L50, M|48\/48
|move|p1a: Azelf|Zen Headbutt|p2a: Sain
|-damage|p2a: Sain|19\/48
|
|upkeep
|turn|2


|
|move|p1a: Azelf|Zen Headbutt|p2a: Sain
|-damage|p2a: Sain|0 fnt
|faint|p2a: Sain
|
|upkeep


|
|switch|p2a: Oswin|Scizor, L50, F|48\/48
|turn|3


|j| Darkinium


|c| Darkinium|mish


|
|switch|p1a: Suicune|Suicune, L50, shiny|207\/207
|-ability|p1a: Suicune|Pressure
|move|p2a: Oswin|Swords Dance|p2a: Oswin
|-boost|p2a: Oswin|atk|2
|
|upkeep
|turn|4


|
|move|p1a: Suicune|Surf|p2a: Oswin
|-damage|p2a: Oswin|31\/48
|move|p2a: Oswin|Superpower|p1a: Suicune
|-damage|p1a: Suicune|72\/207
|-unboost|p2a: Oswin|atk|1
|-unboost|p2a: Oswin|def|1
|-enditem|p1a: Suicune|Sitrus Berry|[eat]
|-heal|p1a: Suicune|123\/207|[from] item: Sitrus Berry
|-damage|p2a: Oswin|26\/48|[from] item: Life Orb
|
|upkeep
|turn|5


|
|move|p1a: Suicune|Surf|p2a: Oswin
|-damage|p2a: Oswin|7\/48
|move|p2a: Oswin|Roost|p2a: Oswin
|-heal|p2a: Oswin|31\/48
|-singleturn|p2a: Oswin|move: Roost
|
|upkeep
|turn|6


|
|switch|p2a: Bartre|Machamp, L50, M|48\/48
|move|p1a: Suicune|Surf|p2a: Bartre
|-damage|p2a: Bartre|34\/48
|
|upkeep
|turn|7


|
|move|p1a: Suicune|Toxic|p2a: Bartre
|-status|p2a: Bartre|tox
|-enditem|p2a: Bartre|Lum Berry|[eat]
|-curestatus|p2a: Bartre|tox|[msg]
|move|p2a: Bartre|Dynamic Punch|p1a: Suicune
|-damage|p1a: Suicune|53\/207
|-start|p1a: Suicune|confusion
|
|upkeep
|turn|8


|c|+Puffkilla∞√|Replace Azelf for thundurus and you have noved's gbu team C: 


|c|☆NOVED|nah i dont use gengar in gbu 


|
|-activate|p1a: Suicune|confusion
|move|p1a: Suicune|Surf|p2a: Bartre
|-damage|p2a: Bartre|19\/48
|move|p2a: Bartre|Payback|p1a: Suicune
|-crit|p1a: Suicune
|-damage|p1a: Suicune|0 fnt
|faint|p1a: Suicune
|
|upkeep


|
|switch|p1a: Azelf|Azelf, L50, shiny|150\/150
|turn|9


|
|move|p2a: Bartre|Bullet Punch|p1a: Azelf
|-damage|p1a: Azelf|113\/150
|move|p1a: Azelf|Fire Punch|p2a: Bartre
|-damage|p2a: Bartre|0 fnt
|faint|p2a: Bartre
|
|upkeep


|
|switch|p2a: Oswin|Scizor, L50, F|31\/48
|turn|10


|c|+chemcoop|uh-oh friccin machamp


|
|move|p2a: Oswin|Bullet Punch|p1a: Azelf
|-damage|p1a: Azelf|2\/150
|-damage|p2a: Oswin|27\/48|[from] item: Life Orb
|move|p1a: Azelf|Fire Punch|p2a: Oswin
|-supereffective|p2a: Oswin
|-damage|p2a: Oswin|0 fnt
|faint|p2a: Oswin
|
|win|NOVED


|c|☆greilmercenary9|gg


|c|+chemcoop|you just got mished


|c|☆NOVED|gg
</script>
</div>
<div class="battle-log battle-log-inline"><div class="inner"><div class="battle-options"><div style="padding-top: 3px; padding-right: 3px; text-align: right"><button class="icon button" name="openBattleOptions" title="Options">Battle Options</button></div></div><div class="inner"><div class="chat"><small>☆NOVED joined.</small></div><div class="chat"><small>☆greilmercenary9 joined.</small></div><div class=""><small>Format:</small> <br><strong>[Gen 4] PBR Online</strong></div><div class=""><small><em>Species Clause:</em> Limit one of each Pokémon</small></div><div class=""><small><em>Item Clause:</em> Limit one of each item</small></div><div class="chat battle-history"><strong>NOVED's team:</strong> <em style="color:#445566;display:block;">Gengar / Garchomp / Suicune / Heatran / Latios / Azelf</em></div><div class="chat battle-history"><strong>greilmercenary9's team:</strong> <em style="color:#445566;display:block;">Scizor / Latios / Heatran / Machamp / Suicune / Snorlax</em></div><div class="chat"><small> Psynergy joined.</small></div><div class="chat"><small> swagger spammer joined.</small></div><div class="chat chatmessage-greilmercenary9"><strong style="color:hsl(323,71%,46%)"><small>☆</small><span class="username" data-name="greilmercenary9">greilmercenary9</span>:</strong> <em>I nearly forgot to nickname my team</em></div><div class="chat"><small>+chemcoop joined.</small></div><div class="chat chatmessage-greilmercenary9"><strong style="color:hsl(323,71%,46%)"><small>☆</small><span class="username" data-name="greilmercenary9">greilmercenary9</span>:</strong> <em>that would've been a disaster</em></div><div class="chat chatmessage-noved mine"><strong style="color:hsl(93,59%,36%)"><small>☆</small><span class="username" data-name="NOVED">NOVED</span>:</strong> <em>i didnt nick mine lol </em></div><div class="chat"><small>+Puffkilla∞√ joined.</small></div><div class="chat chatmessage-greilmercenary9"><strong style="color:hsl(323,71%,46%)"><small>☆</small><span class="username" data-name="greilmercenary9">greilmercenary9</span>:</strong> <em>crap I forgot to double check genders though lol haha</em></div><div class="chat chatmessage-swaggerspammer"><strong style="color:hsl(8,43%,49.76727777079613%)"><small> </small><span class="username" data-name="swagger spammer">swagger spammer</span>:</strong> <em>tfw misgendered</em></div><div class="chat chatmessage-noved mine"><strong style="color:hsl(93,59%,36%)"><small>☆</small><span class="username" data-name="NOVED">NOVED</span>:</strong> <em>if the server crashes we know somebodys ghosting </em></div><div class="chat chatmessage-greilmercenary9"><strong style="color:hsl(323,71%,46%)"><small>☆</small><span class="username" data-name="greilmercenary9">greilmercenary9</span>:</strong> <em>yeah lol</em></div><div class="chat chatmessage-psynergy"><strong style="color:hsl(8,51%,46%)"><small> </small><span class="username" data-name="Psynergy">Psynergy</span>:</strong> <em>it's me</em></div><div class="chat chatmessage-swaggerspammer"><strong style="color:hsl(8,43%,49.76727777079613%)"><small> </small><span class="username" data-name="swagger spammer">swagger spammer</span>:</strong> <em>LMAO</em></div><div class="chat chatmessage-puffkilla"><strong style="color:hsl(313,48%,49%)"><small>+</small><span class="username" data-name="Puffkilla∞√">Puffkilla∞√</span>:</strong> <em>👻👻</em></div><div class="spacer battle-history"><br></div><div class="battle-history">Battle started between NOVED and greilmercenary9!<br></div><div class="spacer battle-history"><br></div><div class="battle-history">Go! <strong>Azelf</strong>!<br></div><div class="spacer battle-history"><br></div><div class="battle-history">greilmercenary9 sent out Bartre (<strong>Machamp</strong>)!<br></div><div class="spacer battle-history"><br></div><h2 class="battle-history">Turn 1</h2><div class="spacer battle-history"><br></div><div class="battle-history">greilmercenary9 withdrew Bartre!<br></div><div class="battle-history">greilmercenary9 sent out Sain (<strong>Snorlax</strong>)!<br></div><div class="spacer battle-history"><br></div><div class="battle-history">Azelf used <strong>Zen Headbutt</strong>!<br></div><div class="battle-history"><small>(The opposing Sain lost <abbr title="−29/48 pixels">58.4–60.4%</abbr> of its health!)</small><br></div><div class="spacer battle-history"><br></div><h2 class="battle-history">Turn 2</h2><div class="spacer battle-history"><br></div><div class="battle-history">Azelf used <strong>Zen Headbutt</strong>!<br></div><div class="battle-history"><small>(The opposing Sain lost <abbr title="−19/48 pixels">39.6–41.6%</abbr> of its health!)</small><br></div><div class="spacer battle-history"><br></div><div class="battle-history">The opposing Sain fainted!<br></div><div class="spacer battle-history"><br></div><div class="battle-history">greilmercenary9 sent out Oswin (<strong>Scizor</strong>)!<br></div><div class="spacer battle-history"><br></div><h2 class="battle-history">Turn 3</h2><div class="chat"><small> Darkinium joined.</small></div><div class="chat chatmessage-darkinium"><strong style="color:hsl(150,70%,38%)"><small> </small><span class="username" data-name="Darkinium">Darkinium</span>:</strong> <em>mish</em></div><div class="spacer battle-history"><br></div><div class="battle-history">Azelf, come back!<br></div><div class="battle-history">Go! <strong>Suicune</strong>!<br></div><div class="battle-history"><small>[Suicune's Pressure]</small><br><small>Suicune is exerting its pressure!</small><br></div><div class="spacer battle-history"><br></div><div class="battle-history">The opposing Oswin used <strong>Swords Dance</strong>!<br></div><div class="battle-history"><small>The opposing Oswin's Attack rose sharply!</small><br></div><div class="spacer battle-history"><br></div><h2 class="battle-history">Turn 4</h2><div class="spacer battle-history"><br></div><div class="battle-history">Suicune used <strong>Surf</strong>!<br></div><div class="battle-history"><small>(The opposing Oswin lost <abbr title="−17/48 pixels">33.4–35.4%</abbr> of its health!)</small><br></div><div class="spacer battle-history"><br></div><div class="battle-history">The opposing Oswin used <strong>Superpower</strong>!<br></div><div class="battle-history"><small>(Suicune lost <abbr title="−135/207">65.2%</abbr> of its health!)</small><br></div><div class="battle-history"><small>The opposing Oswin's Attack fell!</small><br></div><div class="battle-history"><small>The opposing Oswin's Defense fell!</small><br></div><div class="battle-history"><small>Suicune ate its Sitrus Berry!</small><br></div><div class="battle-history"><small>Suicune restored HP using its Sitrus Berry!</small><br></div><div class="battle-history"><small>The opposing Oswin lost some of its HP!</small><br></div><div class="spacer battle-history"><br></div><h2 class="battle-history">Turn 5</h2><div class="spacer battle-history"><br></div><div class="battle-history">Suicune used <strong>Surf</strong>!<br></div><div class="battle-history"><small>(The opposing Oswin lost <abbr title="−19/48 pixels">37.6–41.6%</abbr> of its health!)</small><br></div><div class="spacer battle-history"><br></div><div class="battle-history">The opposing Oswin used <strong>Roost</strong>!<br></div><div class="battle-history"><small>The opposing Oswin restored its HP.</small><br></div><div class="spacer battle-history"><br></div><h2 class="battle-history">Turn 6</h2><div class="spacer battle-history"><br></div><div class="battle-history">greilmercenary9 withdrew Oswin!<br></div><div class="battle-history">greilmercenary9 sent out Bartre (<strong>Machamp</strong>)!<br></div><div class="spacer battle-history"><br></div><div class="battle-history">Suicune used <strong>Surf</strong>!<br></div><div class="battle-history"><small>(The opposing Bartre lost <abbr title="−14/48 pixels">27.2–29.2%</abbr> of its health!)</small><br></div><div class="spacer battle-history"><br></div><h2 class="battle-history">Turn 7</h2><div class="spacer battle-history"><br></div><div class="battle-history">Suicune used <strong>Toxic</strong>!<br></div><div class="battle-history"><small>The opposing Bartre was badly poisoned!</small><br></div><div class="battle-history"><small>The opposing Bartre ate its Lum Berry!</small><br></div><div class="battle-history"><small>The opposing Bartre was cured of its poisoning.</small><br></div><div class="spacer battle-history"><br></div><div class="battle-history">The opposing Bartre used <strong>Dynamic Punch</strong>!<br></div><div class="battle-history"><small>(Suicune lost <abbr title="−70/207">33.8%</abbr> of its health!)</small><br></div><div class="battle-history"><small>Suicune became confused!</small><br></div><div class="spacer battle-history"><br></div><h2 class="battle-history">Turn 8</h2><div class="chat chatmessage-puffkilla highlighted"><strong style="color:hsl(313,48%,49%)"><small>+</small><span class="username" data-name="Puffkilla∞√">Puffkilla∞√</span>:</strong> <em>Replace Azelf for thundurus and you have noved's gbu team C: </em></div><div class="chat chatmessage-noved mine"><strong style="color:hsl(93,59%,36%)"><small>☆</small><span class="username" data-name="NOVED">NOVED</span>:</strong> <em>nah i dont use gengar in gbu </em></div><div class="spacer battle-history"><br></div><div class="battle-history"><small>Suicune is confused!</small><br></div><div class="battle-history">Suicune used <strong>Surf</strong>!<br></div><div class="battle-history"><small>(The opposing Bartre lost <abbr title="−15/48 pixels">29.2–33.3%</abbr> of its health!)</small><br></div><div class="spacer battle-history"><br></div><div class="battle-history">The opposing Bartre used <strong>Payback</strong>!<br></div><div class="battle-history"><small>A critical hit!</small><br></div><div class="battle-history"><small>(Suicune lost <abbr title="−53/207">25.6%</abbr> of its health!)</small><br></div><div class="spacer battle-history"><br></div><div class="battle-history">Suicune fainted!<br></div><div class="spacer battle-history"><br></div><div class="battle-history">Go! <strong>Azelf</strong>!<br></div><div class="spacer battle-history"><br></div><h2 class="battle-history">Turn 9</h2><div class="spacer battle-history"><br></div><div class="battle-history">The opposing Bartre used <strong>Bullet Punch</strong>!<br></div><div class="battle-history"><small>(Azelf lost <abbr title="−37/150">24.7%</abbr> of its health!)</small><br></div><div class="spacer battle-history"><br></div><div class="battle-history">Azelf used <strong>Fire Punch</strong>!<br></div><div class="battle-history"><small>(The opposing Bartre lost <abbr title="−19/48 pixels">39.6–41.6%</abbr> of its health!)</small><br></div><div class="spacer battle-history"><br></div><div class="battle-history">The opposing Bartre fainted!<br></div><div class="spacer battle-history"><br></div><div class="battle-history">greilmercenary9 sent out Oswin (<strong>Scizor</strong>)!<br></div><div class="spacer battle-history"><br></div><h2 class="battle-history">Turn 10</h2><div class="chat chatmessage-chemcoop"><strong style="color:hsl(297,75%,45%)"><small>+</small><span class="username" data-name="chemcoop">chemcoop</span>:</strong> <em>uh-oh friccin machamp</em></div><div class="spacer battle-history"><br></div><div class="battle-history">The opposing Oswin used <strong>Bullet Punch</strong>!<br></div><div class="battle-history"><small>(Azelf lost <abbr title="−111/150">74%</abbr> of its health!)</small><br></div><div class="battle-history"><small>The opposing Oswin lost some of its HP!</small><br></div><div class="spacer battle-history"><br></div><div class="battle-history">Azelf used <strong>Fire Punch</strong>!<br></div><div class="battle-history"><small>It's super effective!</small><br></div><div class="battle-history"><small>(The opposing Oswin lost <abbr title="−27/48 pixels">56.3–58.3%</abbr> of its health!)</small><br></div><div class="spacer battle-history"><br></div><div class="battle-history">The opposing Oswin fainted!<br></div><div class="spacer battle-history"><br></div><div class="battle-history"><strong>NOVED</strong> won the battle!<br></div><div class="chat chatmessage-greilmercenary9"><strong style="color:hsl(323,71%,46%)"><small>☆</small><span class="username" data-name="greilmercenary9">greilmercenary9</span>:</strong> <em>gg</em></div><div class="chat chatmessage-chemcoop"><strong style="color:hsl(297,75%,45%)"><small>+</small><span class="username" data-name="chemcoop">chemcoop</span>:</strong> <em>you just got mished</em></div><div class="chat chatmessage-noved mine"><strong style="color:hsl(93,59%,36%)"><small>☆</small><span class="username" data-name="NOVED">NOVED</span>:</strong> <em>gg</em></div></div><div class="inner-preempt"></div></div></div>
</div>
<script>
let daily = Math.floor(Date.now()/1000/60/60/24);document.write('<script src="https://play.pokemonshowdown.com/js/replay-embed.js?version'+daily+'"></'+'script>');
</script>
